<?xml version="1.0" encoding="UTF-8"?>
<record xmlns="http://www.loc.gov/MARC21/slim" xmlns:xsi="http://www.w3.org/2001/XMLSchema-instance" xsi:schemaLocation="http://www.loc.gov/MARC21/slim http://www.loc.gov/standards/marcxml/schema/MARC21slim.xsd">
<leader>     nam a22002291  4500</leader>
<controlfield tag="001">001700748</controlfield>
<controlfield tag="003">NNU</controlfield>
<controlfield tag="005">20010214210613.0</controlfield>
<controlfield tag="008">890301s1894    le            000 0 ara d</controlfield>
<datafield tag="035" ind1="9" ind2=" ">
<subfield code="a">NYUb12249332</subfield>
</datafield>
<datafield tag="035" ind1=" " ind2=" ">
<subfield code="a">(MiU)notisAFS6362</subfield>
</datafield>
<datafield tag="035" ind1=" " ind2=" ">
<subfield code="a">(CStRLIN)MIUGAFS6362-B</subfield>
</datafield>
<datafield tag="040" ind1=" " ind2=" ">
<subfield code="c">SAZTEC</subfield>
<subfield code="d">CStRLIN</subfield>
</datafield>
<datafield tag="100" ind1="1" ind2=" ">
<subfield code="a">Ibn Nubātah, ʻAbd al-Raḥīm ibn Muḥammad,</subfield>
<subfield code="d">946-984.</subfield>
</datafield>
<datafield tag="245" ind1="1" ind2="0">
<subfield code="a">Dīwān khuṭab Ibn Nubātah :</subfield>
<subfield code="b">wa-yalīhu khuṭab walidihi Abī Ṭāhir Muḥammad /</subfield>
<subfield code="c">mashrūḥā sharḥā mutqanā bi-qalam Ṭāhir al-Jazāʼirī.</subfield>
</datafield>
<datafield tag="260" ind1=" " ind2=" ">
<subfield code="a">Bayrūt :</subfield>
<subfield code="b">Maṭbaʻat Jarīdat Bayrūt,</subfield>
<subfield code="c">[1894]</subfield>
</datafield>
<datafield tag="300" ind1=" " ind2=" ">
<subfield code="a">20, 527 p.</subfield>
<subfield code="c">23 cm.</subfield>
</datafield>
<datafield tag="700" ind1="1" ind2=" ">
<subfield code="a">Ibn Nubātah, Abū Ṭāhir Muḥammad.</subfield>
<subfield code="t">Khuṭab.</subfield>
</datafield>
<datafield tag="700" ind1="1" ind2=" ">
<subfield code="a">Jazāʼirī, Ṭāhir ibn Ṣāliḥ,</subfield>
<subfield code="d">1851 or 2-1919 or 20.</subfield>
</datafield>
<datafield tag="OWN" ind1=" " ind2=" ">
<subfield code="a">GENERAL</subfield>
</datafield>
<datafield tag="950" ind1=" " ind2=" ">
<subfield code="l">BMAIN</subfield>
<subfield code="a">BP183.6</subfield>
<subfield code="b">.I25</subfield>
</datafield>
<datafield tag="955" ind1=" " ind2=" ">
<subfield code="l">BMAIN</subfield>
<subfield code="c">1</subfield>
<subfield code="r">024671631</subfield>
</datafield>
<datafield tag="987" ind1=" " ind2=" ">
<subfield code="a">tracings : missing?</subfield>
</datafield>
<datafield tag="998" ind1=" " ind2=" ">
<subfield code="s">9665</subfield>
</datafield>
<datafield tag="AVA" ind1=" " ind2=" ">
<subfield code="a">NYU50</subfield>
<subfield code="b">BOBST</subfield>
<subfield code="c">Main Collection</subfield>
<subfield code="d">BP183.6 .I25</subfield>
<subfield code="e">unavailable</subfield>
<subfield code="t">Unavailable</subfield>
<subfield code="f">1</subfield>
<subfield code="g">1</subfield>
<subfield code="h">N</subfield>
<subfield code="i">0</subfield>
<subfield code="j">MAIN</subfield>
<subfield code="k">0</subfield>
</datafield>
</record>
